
@book{hyndman2018,
	title = {Forecasting: Principles and Practice},
	author = {{Hyndman}, {R.J.} and {Athanasopoulos}, {G}},
	year = {2018},
	date = {2018},
	publisher = {OTexts},
	edition = {2nd ed},
	url = {https://Otexts.com/fpp2/},
	address = {Melbourne, Australia}
}
